<?xml version="1.0" encoding="UTF-8"?><collection xmlns="http://www.loc.gov/MARC21/slim"><record><leader>00336nam--2200121-i-4500</leader><controlfield tag="001">000036437</controlfield><controlfield tag="002">20161230</controlfield><controlfield tag="005">20161230201040</controlfield><controlfield tag="008">060222s1000------------r-----000-0-eng-d</controlfield><datafield ind1=" " ind2=" " tag="100"><subfield code="a">Potter Van R</subfield></datafield><datafield ind1=" " ind2=" " tag="245"><subfield code="a">Nucleic acid outlines. vol.1 - structure and metabolism</subfield></datafield><datafield ind1=" " ind2=" " tag="260"><subfield code="a">Minneapolis, Burgess Publ.Co., 1960, Vii + 292p</subfield></datafield><datafield ind1=" " ind2=" " tag="852"><subfield code="a">16266</subfield></datafield></record></collection>